% This file was created with JabRef 2.10.
% Encoding: ISO8859_1

@MISC{enisa:mpSecurity,
	title = {Security of Mobile Payments and Digital Wallets},
	publisher = {European Agency for Network and Information Security},
	year = {2016},
	author = {European Agency for Network and Information Security},
	url = {https://www.enisa.europa.eu/publications/mobile-payments-security},
	urldate = {2017-07-16}
}

@ONLINE{smartcard:mpSecurity,
	title = {Security of Proximity Mobile Payments},
	publisher = {Smart Card Alliance},
	year = {2009},
	author = {Smart Card Alliance},
	url = {https://www.securetechalliance.org/resources/pdf/Security_of_Proximity_Mobile_Payments.pdf},
	urldate = {2017-07-16}
}

@ARTICLE{mpSecurity:Threats:Challenges,
	title = {Mobile payment security, threats, and challenges},
	publisher = {IEEE},
	journal = {2016 Second International Conference on Mobile and Secure Services (MobiSecServ)},
	year = {2016},
	author = {Yong Wang and Christen Hahn and Kruttika Sutrave},
	url = {http://ieeexplore.ieee.org/xpls/icp.jsp?arnumber=7440226&tag=1},
	bibsource = {IEEE Xplore Digital Library},
	urldate = {2017-07-16}
}

@ONLINE{pciGuidelines,
	title = {PCI Mobile Payment Acceptance Security Guidelines for Developers},
	publisher = {PCI Security Standards Council},
	year = {2012},
	edition = {1.0},
	author = {Emerging Technologies, PCI Security Standards Council},
	url = {https://www.pcisecuritystandards.org/documents/Mobile_Payment_Security_Guidelines_Developers_v1.pdf},
	urldate = {2017-07-16}
}

@ARTICLE{malwareDetection,
	title = {Malware detection in android application by rigorous analysis of decompiled source code},
	publisher = {IEEE},
	journal = {2016 International Conference on Computing Communication Control and automation (ICCUBEA)},
	year = {2016},
	author = {Pankaj Tiwari and Girish Tere and Pooja Singh},
	url = {http://ieeexplore.ieee.org/document/7860070/},
	bibsource = {IEEE Xplore Digital Library},
	urldate = {2017-07-16}
}

@MISC{reverseEngineeringAndroid,
	title = {Reverse Engineering of Malware on Android},
	publisher = {SANS Institute InfoSec Reading Room},
	year = {2011},
	author = {Vibha Manjunath},
	url = {https://www.sans.org/reading-room/whitepapers/pda/reverse-engineering-malware-android-33769},
	urldate = {2017-07-16}
}

@ONLINE{visaScureMp,
	title = {Secure Mobile Payment Systems - Recommendations for Building, Managing and Deploying},
	year = {2014},
	author = {Visa Europe},
	url = {https://www.visaeurope.com/media/pdf/secure%20mobile%20payment%20systems%20guide.pdf},
	urldate = {2017-07-16}
}

@ONLINE{ecbRecommendations,
	title = {RECOMMENDATIONS FOR THE SECURITY OF MOBILE PAYMENTS},
	year = {2013},
	author = {European Central Bank},
	url = {https://www.ecb.europa.eu/paym/cons/pdf/131120/recommendationsforthesecurityofmobilepaymentsdraftpc201311en.pdf},
	urldate = {2017-07-16}
}

@ONLINE {nfcIntroCompatibility,
	title = {NFC: Introduction & compatibility with mobile devices},
	year = {2017},
	author = {José C. Montes},
	url = {https://solidgeargroup.com/nfc-introduction-compatibility-mobile-devices},
	urldate = {2018-06-26}
}

@Article{pickingVirtualPockets,
	title = {Picking Virtual Pockets using Relay Attacks on Contactless Smartcard},
	journal = {First International Conference on Security and Privacy for Emerging Areas in Communications Networks (SECURECOMM'05)},
	year = {2005},
	author = {Z. Kfir and A. Wool},
	url = {http://ieeexplore.ieee.org/abstract/document/1607558/},
	bibsource = {IEEE Xplore Digital Library},
	urldate = {2018-01-15}
}

@Article{practicalNfcPeerToPeerRelayMobilePhones,
	title = {Practical NFC Peer-to-Peer Relay Attack Using Mobile Phones},
	journal = {International Workshop on Radio Frequency Identification: Security and Privacy Issues},
	year = {2010},
	author = {Lishoy Francis and Gerhard Hancke and Keith Mayes and Konstantinos Markantonakis},
	url = {https://link.springer.com/chapter/10.1007/978-3-642-16822-2_4},
	bibsource = {SpringerLink},
	urldate = {2018-01-15}
}

@MISC{practicalRelayContactlessTransactions,
	title = {Practical Relay Attack on Contactless Transactions by Using NFC Mobile Phones},
	year = {2011},
	author = {Lishoy Francis and Gerhard Hancke and Keith Mayes and Konstantinos Markantonakis},
	url = {http://modsec.zimmerle.org/wireless-sec-papers/Practical%20Relay%20Attack%20on%20Contactless%20Transactions%20by%20Using%20NFC%20Mobile%20Phones.pdf},
	urldate = {2018-01-15}
}

@Mastersthesis{relayAttackOfNfcSmartCards,
	title = {Relay attacks of NFC smart cards},
	author = {Xiquing Chu},
	school = {Norwegian University of Science and Technology - Trondheim},
	year = {2014},
	url = {https://brage.bibsys.no/xmlui/bitstream/handle/11250/262988/742061_FULLTEXT01.pdf?sequence=1&isAllowed=y]},
	urldate = {2018-01-15}
}

@Article{practicalNfcAttackmobileDevices,
	title = {A practical NFC relay attack on mobile devices using card emulation mode},
	publisher = {IEEE},
	journal = {2015 38th International Convention on Information and Communication Technology, Electronics and Microelectronics (MIPRO)},
	year = {2015},
	author = {D. Cavdar and E. Tomur},
	url = {http://ieeexplore.ieee.org/document/7160477/?reload=true},
	bibsource = {IEEE Xplore Digital Library},
	urldate = {2018-01-15}
}

@Article{practicalExperiencesNfcRelayAndroid,
	title = {Practical Experiences on NFC Relay Attacks with Android},
	journal = {International Workshop on Radio Frequency Identification: Security and Privacy Issues},
	year = {2015},
	author = {Jos{\'e} Vila and Ricardo J. Rodr\'iguez},
	url = {https://link.springer.com/chapter/10.1007/978-3-319-24837-0_6},
	bibsource = {SpringerLink},
	urldate = {2018-01-15}
}

@Article{nfcRelayWithOffTheShelfHardAndSoftware,
	title = {An NFC Relay Attack with Off-the-shelf Hardware and Software},
	journal = {10th IFIP WG 6.6 International Conference
	on Autonomous Infrastructure, Management, and Security, AIMS 2016},
	year = {2016},
	author = {Thomas Bocek and Christian Killer and Christos Tsiaras and Burkhard Stiller},
	url = {https://link.springer.com/chapter/10.1007/978-3-319-39814-3_8},
	urldate = {2018-01-15}
}

@MISC{cuno:nfc,
	title = {Near Field Communication},
	author = {Andrea Cuno},
	year = {2010},
	url = {http://citeseerx.ist.psu.edu/viewdoc/download?doi=10.1.1.395.8428&rep=rep1&type=pdf#page=11},
	urldate = {2018-04-19}
}

@ONLINE{iso14443-1,
	title = {
	ISO/IEC 14443-1:2016
	Identification cards -- Contactless integrated circuit cards -- Proximity cards -- Part 1: Physical characteristics
	}, 
	author = {International Organization for Standardization}, 
	url = {https://www.iso.org/standard/70170.html},
	urldate = {2018-04-26}
}

@ONLINE{sda,
	title = {Static Data Authentication (SDA)}, 
	author = {CardContact Software \& System Consulting},
	url = {https://www.openscdp.org/scripts/tutorial/emv/SDA.html},
	urldate = {2018-05-03}
}

@ONLINE{iso14443-2,
	title = {
	ISO/IEC 14443-2:2016
	Identification cards -- Contactless integrated circuit cards -- Proximity cards -- Part 2: Radio frequency power and signal interface
	}, 
	author = {International Organization for Standardization}, 
	url = {https://www.iso.org/standard/70170.html},
	urldate = {2018-04-26}
}

@ONLINE{iso14443-3,
	title = {
	ISO/IEC 14443-3:2016
	Identification cards -- Contactless integrated circuit cards -- Proximity cards -- Part 3: Initialization and anticollision},
	author = {International Organization for Standardization}, 
	url = {https://www.iso.org/standard/70170.html},
	urldate = {2018-04-26}
}

@ONLINE{iso14443-4,
	title = {
	ISO/IEC 14443-4:2016
	Identification cards -- Contactless integrated circuit cards -- Proximity cards -- Part 4: Transmission protocol},
	author = {International Organization for Standardization}, 
	url = {https://www.iso.org/standard/70170.html},
	urldate = {2018-04-26}
}

@ONLINE{oenbSepa,
	title = {Standardisierung und SEPA},
	author = {Österreichische Nationalbank},
	url = {https://www.oenb.at/Zahlungsverkehr/Kartenzahlungen/Standardisierung-und-SEPA.html},
	urldate = {2018-04-26}
}

@ONLINE{emvco,
	title = {EMVCo - Webseite},
	author = {EMVCo},
	url = {https://www.emvco.com/},
	urldate = {2018-04-28}
}

@ONLINE{emvChip,
	title = {EMV Chip},
	author = {Mastercard},
	url = {https://www.mastercard.at/de-at/haendler/sicherheit-geschaeft/emv-chip.html},
	urldate = {2018-04-26}
}

@ONLINE{midletwiki,
	title = {MIDlet},
	year = {2013},
	url = {https://de.wikipedia.org/wiki/MIDlet},
	urldate = {2018-01-17}
}

@MISC{smartcasedElectricity,
	author = {Raad, Wasim and Sheltami, Tarek and Sallout, Mohammad},
	year = {2007},
	month = {08},
	pages = {219 - 224},
	title = {A Smart Card Based Prepaid Electricity System},
	isbn = {978-1-4244-0971-6}
}

@ONLINE{sonyPhillipsNfcPressRelease,
	title = {PHILIPS AND SONY ANNOUNCE STRATEGIC COOPERATION TO DEFINE NEXT GENERATION NEAR FIELD RADIO-FREQUENCY COMMUNICATIONS},
	author = {Sony Corporation and Philips},
	year = {2002},
	url = {https://www.sony.net/SonyInfo/News/Press_Archive/200209/02-0905E/},
	urldate = {2018-01-24}
}

@ONLINE{lexikonSmartcard,
	title = {Gabler Wirtschaftslexikon: Chipkarte},
	author = {Prof. Dr. Richard Lackes},
	url = {https://wirtschaftslexikon.gabler.de/definition/chipkarte-27504#authors},
	urldate = {2018-04-24}
}

@INPROCEEDINGS{nfcHealthMonitoring,
	author={A. Supriya and S. Ramgopal and S. M. George},
	booktitle={2017 2nd IEEE International Conference on Recent Trends in Electronics, Information Communication Technology (RTEICT)},
	title={Near field communication based system for health monitoring},
	year={2017},
	volume={},
	number={},
	pages={653-657},
	keywords={biomedical communication;health care;hospitals;medical information systems;near-field communication;patient monitoring;NFC cards;NFC tag;NFC technology;NFC-enabled devices;current health monitoring methods;electronic health record;health parameters;health status;near field field communication based system;standard based wireless communication technology;Biomedical monitoring;Databases;Hospitals;Monitoring;Temperature sensors;Wireless communication;Electronic Health Record;NFC-enabled;Near Field Communication;Wireless Communication;Wireless Sensors},
	doi={10.1109/RTEICT.2017.8256678},
	ISSN={},
	month={May},}

@Online{nfcHistory,
	title = {History of Near Field Communication},
	url = {http://nearfieldcommunication.org/history-nfc.html},
	
}

@ONLINE{nfcForum,
	title = {NFC Forum},
	author = {NearFieldCommunication.org},
	url = {http://nearfieldcommunication.org/history-nfc.html},
	urldate = {2018-05-15}
}

@ONLINE{iso:iec18092:2013,
	title = {ISO/IEC 18092:2013: Information technology -- Telecommunications and information exchange between systems -- Near Field Communication -- Interface and Protocol (NFCIP-1)},
	author = {International Organization for Standardization (ISO)},
	year = {2013},
	url = {https://www.iso.org/standard/56692.html},
	urldate = {2018-04-15}
}

@ONLINE{iso7816-4,
	title = {ISO/IEC 7816-4:2013
	Identification cards -- Integrated circuit cards -- Part 4: Organization, security and commands for interchange},
	author = {International Organization for Standardisation (ISO)},
	year = {2013},
	url = {https://www.iso.org/standard/54550.html},
	urldate = {2018-04-28}
}
@ONLINE{etsi:ts:102:190,
	title = {ETSI TS 102 190: Near Field Communication (NFC) IP-1; Interface and Protocol (NFCIP-1)},
	author = {European Telecommunications Standards Institute}, 
	year = {2003},
	url = {http://www.etsi.org/deliver/etsi_ts/102100_102199/102190/01.01.01_60/ts_102190v010101p.pdf}, 
	urldate = {2018-04-15}
}

@ONLINE{nfcTechVulnAttack,
	title = {Near Field Communication (NFC) Technology, Vulnerabilities and Principal Attack Schema},
	year = {2013},
	author = {Infosec Institute},
	url = {http://resources.infosecinstitute.com/near-field-communication-nfc-technology-vulnerabilities-and-principal-attack-schema/},
	urldate = {2018-01-24}
}

@ONLINE{getInfoEmvJava,
	title = {Getting information from an EMV chip card with Java},
	year = {2006},
	url = {https://blog.saush.com/2006/09/08/getting-information-from-an-emv-chip-card/},
	urldate = {2018-04-29}
}

@INBOOK{emvbook3,
	title = {Integrated Circuit Card 
	Specifications for Payment Systems: Book 3 - Application Specification}, 
	author = {EMVCo},
	year = {2011},
	url = {	https://www.emvco.com/wp-content/uploads/2017/05/EMV_v4.3_Book_3_Application_Specification_20120607062110791.pdf},
	urldate = {2018-04-29}
}

@INBOOK{emvbook2,
	title = {Integrated Circuit Card 
	Specifications for Payment Systems: Book 2 - Security and Key Management}, 
	author = {EMVCo},
	year = {2011},
	url = {	https://www.emvco.com/wp-content/uploads/2017/05/EMV_v4.3_Book_2_Security_and_Key_Management_20120607061923900.pdf},
	urldate = {2018-05-10}
}

@article{eavesdropNfc,
	author = {Siitonen Kortvedt, Henning and Mjølsnes, Stig},
	journal = {The Norwegian Information Security Conference (NISK) 2009},
	year = {2009},
	title = {Eavesdropping Near Field Communication},
	url = {https://www.researchgate.net/publication/265976861_Eavesdropping_Near_Field_Communication},
	urldate = {2018-05-10}
}

@ONLINE{posRiskManagement,
	title = {POS Terminal Risk Management Rules You Need to Know},
	url = {http://blog.unibulmerchantservices.com/pos-terminal-risk-management-rules-you-need-to-know/},
	urldate = {2018-05-02}
}

@ONLINE{howemvpaymentworks,
	title = {Step by step: How does a EMV contact card payment work?},
	author = {Jeroen Netten},
	year = {2016},
	url = {https://www.quora.com/Step-by-step-How-does-a-EMV-contact-card-payment-work},
	urldate = {2018-04-29}
}
@MISC{practExpNfcSecurity,
	title = {Practical Experiences with NFC Security on
	mobile Phones},
	author = {Gauthier Van Damme and Karel Wouters},
	year = {2009},
	url = {https://www.esat.kuleuven.be/cosic/publications/article-1288.pdf},
	urldate = {2018-01-25}
}

@Article{nfcSecurityAnalysisAndVulnerabilities,
	title = {NFC security analysis and vulnerabilities in healthcare applications},
	journal = { Communications, Computers and Signal Processing (PACRIM), 2013 IEEE Pacific Rim Conference},
	year = {2013},
	author = {Ali Alzahrani and Abdullah Alqhtani and Haytham Elmiligi and Fayez Gebali and Mohamed S. Yasein},
	url = {http://ieeexplore.ieee.org/xpls/icp.jsp?arnumber=6625493},
	bibsource = {IEEE Xplore Digital Library},
	urldate = {2018-01-25}
}

@Article{nfcDevicesSecurityPrivacy,
	title = {NFC Devices: Security and Privacy},
	journal = {2008 Third International Conference on Availability, Reliability and Security},
	year = {2008},
	author = {Gerald Madlmayr and Josef Langer and Christian Kantner and Josef Scharinger},
	url = {http://ieeexplore.ieee.org/abstract/document/4529403/?part=1},
	bibsource = {IEEE Xplore Digital Library},
	urldate = {2018-01-25}
}

@MISC{securityNfc,
	title = {Security in Near Field Communication (NFC)},
	author = {Ernst Haselsteiner and Klemens Breitfuß},
	year = {2006},
	url = {https://s3.amazonaws.com/academia.edu.documents/8360228/002%20-%20security%20in%20nfc.pdf?AWSAccessKeyId=AKIAIWOWYYGZ2Y53UL3A&Expires=1516912912&Signature=sib36KcnIO0AAbNxqdEjxuId6TY%3D&response-content-disposition=inline%3B%20filename%3DSecurity_in_near_field_communication_NFC.pdf},
	urldate = {2018-01-25}
}

@Article{nfcVulnerabilitiesDefense,
	title = {NFC — Vulnerabilities and defense},
	journal = {2014 Conference on Information Assurance and Cyber Security (CIACS)},
	year = {2014},
	author = {Naveed Ashraf Chattha},
	url = {http://ieeexplore.ieee.org/stamp/stamp.jsp?tp=&arnumber=6861328},
	bibsource = {IEEE Xplore Digital Library},
	urldate = {2018-01-25}
}

@ONLINE{debitkarte,
	title = {FAQ - Was ist eine Debitkarte?},
	author = {Kreditkarten.info},
	url = {http://www.kreditkarten.info/faq/was-ist-eine-debitkarte/},
	urldate = {2018-01-25}
}

@ARTICLE{introToRfid,
	author={R. Want},
	journal={IEEE Pervasive Computing},
	title={An introduction to RFID technology},
	year={2006},
	volume={5},
	number={1},
	pages={25-33},
	keywords={radiofrequency identification;RFID technology;mainstream applications;radio frequency identification;Batteries;Costs;Encapsulation;Environmental factors;Intrusion detection;Large-scale systems;Manufacturing;RFID tags;Radiofrequency identification;Temperature;Radio frequency identification (RFID);automatic identification;electronic tagging},
	doi={10.1109/MPRV.2006.2},
	ISSN={1536-1268},
	month={Jan}}

@Inbook{Madlmayr2014,
	author="Madlmayr, Gerald
	and Kantner, Christian
	and Grechenig, Thomas",
	editor="Markantonakis, Konstantinos
	and Mayes, Keith",
	title="Near Field Communication",
	bookTitle="Secure Smart Embedded Devices, Platforms and Applications",
	year="2014",
	publisher="Springer New York"
}

@ONLINE{dda,
	title = {Dynamic Data Authentication},
	author = {CardContact Software \& System Consulting},
	url = {https://www.openscdp.org/scripts/tutorial/emv/dda.html},
	urldate = {2018-05-10}
}

@ONLINE{emvKeyManagement,
	title = {EMV Key Management - Explained},
	author = {Cryptomathic},
	url = {https://cdn2.hubspot.net/hubfs/531679/Documents/White_Papers/Cryptomathic_White_Paper_-_EMV_Key_Management_Explained.pdf},
	urldate = {2018-05-10}
}

@ONLINE{rtt,
	title = {RTT (round trip time},
	author = {ITWissen.info},
	year = {2014},
	url = {http://www.itwissen.info/round-trip-time-RTT.html},
	urldate = {2018-01-25}
}

@ONLINE{wiki-apdu,
	title = {Application Protocol Data Unit},
	author = {Wikipedia},
	year = {2017},
	url = {https://de.wikipedia.org/wiki/Application_Protocol_Data_Unit},
	urldate = {2018-01-25}
}

@ONLINE{androidHce,
	title = {Host-based Card Emulation},
	author = {Android Developers},
	url = {https://developer.android.com/guide/topics/connectivity/nfc/hce.html},
	urldate = {2018-01-25}
}

@ONLINE{terminalSimulator,
	title = {Terminal Simulator},
	url = {https://www.terminalsimulator.com/},
	urldate = {2018-01-25}
}

@ONLINE{bluetoothPressRelease,
	title = {Bluetooth 5 Now Available},
	author = {Bluetooth SIG Inc.},
	year = {2016}, 
	url = {https://www.bluetooth.com/news/pressreleases/2016/12/07/bluetooth-5-now-available},
	urldate = {2018-07-07}
}

@ONLINE{bluetooth5,
	title = {Bluetooth 5: everything you need to know},
	author = {David Nield},
	year = {2016},
	url = {https://www.techradar.com/news/networking/bluetooth-5-everything-you-need-to-know-1323060},
	urldate = {2018-07-07}
}

@ONLINE{android-bluetooth,
	title = {Bluetooth overview},
	author = {Android Developers},
	url = {https://developer.android.com/guide/topics/connectivity/bluetooth},
	urldate = {2018-07-07}
}

@ONLINE{wifidirect, 
	title = {Wi-Fi Direct},
	author = {Wi-Fi Alliance},
	url = {https://www.wi-fi.org/discover-wi-fi/wi-fi-direct},
	urldate = {2018-07-07}
}

@ONLINE{lte,
	title = {Wie schnell ist eigentlich LTE | 4G?}
	url = {http://www.lte-anbieter.info/ratgeber/schnelligkeit-lte.php},
	urldate = {2018-07-07}
}

@ONLINe{androidtcpinternet,
	title = {Socket Connection Over Internet},
	url = {https://forum.xda-developers.com/showthread.php?t=1154801}
	urldate = {2018-07-07}
}

@ONLINE{android-marketshare,
	title = {Global mobile OS market share in sales to end users from 1st quarter 2009 to 1st quarter 2018},
	author = {Statista GmbH},
	year = {2018},
	url = {https://www.statista.com/statistics/266136/global-market-share-held-by-smartphone-operating-systems/},
	urldate = {2018-07-16}
}

@ONLINE{android-platform-architecture,
	title = {Platform Architecture},
	author = {Android Developers},
	url = {https://developer.android.com/guide/platform/},
	urldate = {2018-07-17}
}

@ONLINE{android-architecture,
	title = {Architecture},
	author = {Android Developers},
	url = {https://source.android.com/devices/architecture/},
	urldate = {2018-07-17}
}

@ONLINE{android-ipc-mechanism,
	title = {
	Android Interprocess Communication (IPC) with Messenger (Remote Bound Services)},
	year = {2015},
	url = {http://codetheory.in/android-interprocess-communication-ipc-messenger-remote-bound-services/},
	urldate = {2018-07-17}
}

@ONLINE{structure-of-android-os,
	title = {Structure of an Android Operating System},
	year = {2016},
	url = {https://www.educba.com/structure-of-an-android-operating-system/},
	urldate = {2018-07-17}
}

@ONLINE{android-hal,
	title = {Hardware Abstraction Layer (HAL)},
	author = {Android Developers},
	url = {https://source.android.com/devices/architecture/hal},
	urldate = {2018-07-17}
}
	
